@book {Bernoulli-1713,
    AUTHOR = {Bernoulli, Jacob},
     TITLE = {Ars Conjectandi},
      YEAR = {1713},
 publisher = "Impensis Thurnisiorum, fratrum",
     PAGES = {296},
       URL = {http://books.google.com/books?id=kD4PAAAAQAAJ},
}

@book {Arakawa-Ibukiyama-Kaneko-2014,
    AUTHOR = {Arakawa, Tsuneo and Ibukiyama, Tomoyoshi and Kaneko, Masanobu},
     TITLE = {Bernoulli numbers and zeta functions},
    SERIES = {Springer Monographs in Mathematics},
      NOTE = {With an appendix by Don Zagier},
 PUBLISHER = {Springer, Tokyo},
      YEAR = {2014},
     PAGES = {xii+274},
      ISBN = {978-4-431-54918-5; 978-4-431-54919-2},
   MRCLASS = {11B68 (11L03 11M06 11M32)},
  MRNUMBER = {3307736},
       DOI = {10.1007/978-4-431-54919-2},
       URL = {http://dx.doi.org/10.1007/978-4-431-54919-2},
}

@book{E212,
    AUTHOR = {Eulero, Leonhardo},
     TITLE = {Institutiones calculi differentialis cum eius usu in analysi finitorum ac doctrina serierum},
      YEAR = {1755},
 PUBLISHER = {Impensis Academiae imperialis scientiarum Petropolitanae},
       URL = {http://eulerarchive.maa.org/pages/E212.html},
}

@article {E72,
    AUTHOR = {Euler, Leonhard},
     TITLE = {Variae observationes circa series infinitas},
   JOURNAL = {Commentarii academiae scientiarum Petropolitanae},
    VOLUME = {9},
      YEAR = {1744},
     PAGES = {160--188},
       URL = {http://eulerarchive.maa.org/pages/E072.html},
}

@article {E41,
    AUTHOR = {Euler, Leonhard},
     TITLE = {De summis serierum reciprocarum},
   JOURNAL = {Commentarii academiae scientiarum Petropolitanae},
    VOLUME = {7},
      YEAR = {1740},
     PAGES = {123--134},
       URL = {http://eulerarchive.maa.org/pages/E041.html},
}

@article {E247,
    AUTHOR = {Euler, Leonhard},
     TITLE = {De seriebus divergentibus},
   JOURNAL = {Commentarii academiae scientiarum Petropolitanae},
    VOLUME = {5},
      YEAR = {1760},
     PAGES = {205--237},
       URL = {http://eulerarchive.maa.org/pages/E247.html},
}

@article {E352,
    AUTHOR = {Euler, Leonhard},
     TITLE = {Remarques sur un beau rapport entre les series des puissances tant directes que reciproques},
   JOURNAL = {M\'emoires de l'acad\'emie des sciences de Berlin},
    VOLUME = {17},
      YEAR = {1768},
     PAGES = {83--106},
       URL = {http://eulerarchive.maa.org/pages/E352.html},
}

@book {Washington-1997,
    AUTHOR = {Washington, Lawrence C.},
     TITLE = {Introduction to cyclotomic fields},
    SERIES = {Graduate Texts in Mathematics},
    VOLUME = {83},
   EDITION = {Second},
 PUBLISHER = {Springer-Verlag, New York},
      YEAR = {1997},
     PAGES = {xiv+487},
      ISBN = {0-387-94762-0},
   MRCLASS = {11R18 (11-01 11-02 11R23)},
  MRNUMBER = {1421575},
       DOI = {10.1007/978-1-4612-1934-7},
       URL = {http://dx.doi.org/10.1007/978-1-4612-1934-7},
}

@misc{Milne-2014,
author={Milne, James S.},
title={Algebraic Number Theory (v3.06)},
year={2014},
note={Available at www.jmilne.org/math/},
pages={164}
}

@article {Carlitz-1954,
    AUTHOR = {Carlitz, Leonard},
     TITLE = {Note on irregular primes},
   JOURNAL = {Proc. Amer. Math. Soc.},
  FJOURNAL = {Proceedings of the American Mathematical Society},
    VOLUME = {5},
      YEAR = {1954},
     PAGES = {329--331},
      ISSN = {0002-9939},
   MRCLASS = {10.0X},
  MRNUMBER = {0061124},
       DOI = {10.2307/2032249},
       URL = {http://dx.doi.org/10.2307/2032249},
}

@article {Zudilin-2004,
    AUTHOR = {Zudilin, Wadim},
     TITLE = {Arithmetic of linear forms involving odd zeta values},
   JOURNAL = {J. Th\'eor. Nombres Bordeaux},
  FJOURNAL = {Journal de Th\'eorie des Nombres de Bordeaux},
    VOLUME = {16},
      YEAR = {2004},
    NUMBER = {1},
     PAGES = {251--291},
      ISSN = {1246-7405},
   MRCLASS = {11J82 (11Y60)},
  MRNUMBER = {2145585},
MRREVIEWER = {Tatiana Hessami Pilehrood},
       URL = {http://jtnb.cedram.org/item?id=JTNB_2004__16_1_251_0},
}

@article {van-der-Poorten-1978,
    AUTHOR = {van der Poorten, Alfred},
     TITLE = {A proof that {E}uler missed{$\ldots $}{A}p\'ery's proof of the
              irrationality of {$\zeta (3)$}},
      NOTE = {An informal report},
   JOURNAL = {Math. Intelligencer},
  FJOURNAL = {The Mathematical Intelligencer},
    VOLUME = {1},
      YEAR = {1979},
    NUMBER = {4},
     PAGES = {195--203},
      ISSN = {0343-6993},
   MRCLASS = {10H05 (10F35)},
  MRNUMBER = {547748},
       DOI = {10.1007/BF03028234},
       URL = {http://dx.doi.org/10.1007/BF03028234},
}

@incollection {Kahn-2005,
    AUTHOR = {Kahn, Bruno},
     TITLE = {Algebraic {$K$}-theory, algebraic cycles and arithmetic geometry},
 BOOKTITLE = {Handbook of {$K$}-theory. {V}ol. 1, 2},
     PAGES = {351--428},
 PUBLISHER = {Springer, Berlin},
      YEAR = {2005},
  MRNUMBER = {2181827},
       DOI = {10.1007/3-540-27855-9_9},
       URL = {http://www.math.illinois.edu/K-theory/handbook/},
}

@incollection {Weibel-2005,
    AUTHOR = {Weibel, Charles},
     TITLE = {Algebraic {$K$}-theory of rings of integers in local and global fields},
 BOOKTITLE = {Handbook of {$K$}-theory. {V}ol. 1, 2},
     PAGES = {139--190},
 PUBLISHER = {Springer, Berlin},
      YEAR = {2005},
  MRNUMBER = {2181823},
       DOI = {10.1007/3-540-27855-9_5},
       URL = {http://www.math.illinois.edu/K-theory/handbook/},
}

@book {Neukirch-1999,
    AUTHOR = {Neukirch, J\"urgen},
     TITLE = {Algebraic number theory},
    SERIES = {Grundlehren der Mathematischen Wissenschaften [Fundamental
              Principles of Mathematical Sciences]},
    VOLUME = {322},
      NOTE = {Translated from the 1992 German original and with a note by
              Norbert Schappacher,
              With a foreword by G. Harder},
 PUBLISHER = {Springer-Verlag, Berlin},
      YEAR = {1999},
     PAGES = {xviii+571},
      ISBN = {3-540-65399-6},
   MRCLASS = {11Rxx (11-02 11S15 11S31 14C40)},
  MRNUMBER = {1697859},
       DOI = {10.1007/978-3-662-03983-0},
       URL = {http://dx.doi.org/10.1007/978-3-662-03983-0},
}

@book {Marcus-1977,
    AUTHOR = {Marcus, Daniel A.},
     TITLE = {Number fields},
      NOTE = {Universitext},
 PUBLISHER = {Springer-Verlag, New York-Heidelberg},
      YEAR = {1977},
     PAGES = {viii+279},
      ISBN = {0-387-90279-1},
   MRCLASS = {12-01},
  MRNUMBER = {0457396},
}

@book {Ribenboim-1979,
    AUTHOR = {Ribenboim, Paulo},
     TITLE = {13 lectures on {F}ermat's last theorem},
 PUBLISHER = {Springer-Verlag, New York-Heidelberg},
      YEAR = {1979},
     PAGES = {xvi+302 pp. (1 plate)},
      ISBN = {0-387-90432-8},
   MRCLASS = {10B15 (01A55 12A35 12A65)},
  MRNUMBER = {551363},
}

@book {Ahlfors-1978,
    AUTHOR = {Ahlfors, Lars V.},
     TITLE = {Complex analysis},
   EDITION = {Third},
      NOTE = {An introduction to the theory of analytic functions of one
              complex variable,
              International Series in Pure and Applied Mathematics},
 PUBLISHER = {McGraw-Hill Book Co., New York},
      YEAR = {1978},
     PAGES = {xi+331},
      ISBN = {0-07-000657-1},
   MRCLASS = {30-01},
  MRNUMBER = {510197},
}

@book {Katznelson-2004,
    AUTHOR = {Katznelson, Yitzhak},
     TITLE = {An introduction to harmonic analysis},
    SERIES = {Cambridge Mathematical Library},
   EDITION = {Third},
 PUBLISHER = {Cambridge University Press, Cambridge},
      YEAR = {2004},
     PAGES = {xviii+314},
      ISBN = {0-521-83829-0; 0-521-54359-2},
   MRCLASS = {43-01 (42-02 43-02)},
  MRNUMBER = {2039503},
       DOI = {10.1017/CBO9781139165372},
       URL = {http://dx.doi.org/10.1017/CBO9781139165372},
}

@article {Lame-1847,
    AUTHOR = {Lam\'e, Gabriel},
     TITLE = {D\'emonstration g\'en\'erale du th\'eor\`eme de {F}ermat, sur l'imposibilit\'e, en nombres entiers, de l \'equation $x^n+y^n = z^n$},
   JOURNAL = {Comptes rendus hebdomadaires des s\'eances de l'{A}cad\'emie des sciences},
    VOLUME = {XXIV},
    NUMBER = {9},
      YEAR = {1847},
     PAGES = {310--316},
       URL = {http://gallica.bnf.fr/ark:/12148/bpt6k29812/f310.image},
}