@book {Aluffi-2009,
    author = {Aluffi, Paolo},
     title = {Algebra: chapter 0},
    series = {Graduate Studies in Mathematics},
    volume = {104},
 publisher = {American Mathematical Society, Providence, RI},
      year = {2009},
     pages = {xx+713},
      isbn = {978-0-8218-4781-7},
  mrnumber = {2527940},
       url = {https://doi.org/10.1090/gsm/104},
}

@book {Alaca-Williams,
    author = {Alaca, \c{S}aban and Williams, Kenneth S.},
     title = {Introductory algebraic number theory},
 publisher = {Cambridge University Press, Cambridge},
      year = {2004},
     pages = {xvii+428},
      isbn = {0-521-83250-0},
}

@article{AMM-95-4-Trotter,
     author = {Hale F. Trotter},
      title = {An Overlooked Example of Nonunique Factorization},
        url = {http://www.jstor.org/stable/2323570},
    journal = {The American Mathematical Monthly},
     volume = {95},
     number = {4},
       year = {1988},
      pages = {339--342},
  publisher = {Mathematical Association of America}
}

@book {Atiyah-Macdonald,
     author = {Atiyah, Michael Francis and MacDonald, I. G.},
       isbn = {978-0-201-40751-8},
      pages = {128+IX},
  publisher = {Addison-Wesley-Longman},
      title = {Introduction to commutative algebra.},
       year = 1969
}

@book {Baker-1990,
    author = {Baker, Alan},
     title = {Transcendental number theory},
    series = {Cambridge Mathematical Library},
   edition = {Second},
 publisher = {Cambridge University Press, Cambridge},
      year = {1990},
     pages = {x+165},
      isbn = {0-521-39791-X},
  mrnumber = {1074572},
}

@book {Baldor,
  author = {Baldor, Aurelio},
   title = {\'{A}lgebra},
}

@misc {Beshenov-categorias,
   author = {Beshenov, Alexey},
   title = {Introducción al lenguaje funtorial},
   url = {http://cadadr.org/san-salvador/2018-06-categorias/categorias.pdf},
   year = {2018},
   note = {Apuntes de un minicurso en la Universidad de El~Salvador}
}

@misc {Beshenov-p-adicos,
   author = {Beshenov, Alexey},
   title = {Introducci\'on a los n\'umeros $p$-\'adicos},
   url = {http://cadadr.org/san-salvador/2018-04-numeros-p-adicos/numeros-p-adicos.pdf},
   year = {2018},
   note = {Apuntes de un minicurso en la Universidad de El Salvador}
}

@book {Borceux-1,
    author = {Borceux, Francis},
     title = {Handbook of categorical algebra. 1},
    series = {Encyclopedia of Mathematics and its Applications},
    volume = {50},
      note = {Basic category theory},
 publisher = {Cambridge University Press, Cambridge},
      year = {1994},
     pages = {xvi+345},
      isbn = {0-521-44178-1},
  mrnumber = {1291599},
}

@book {Borceux-2,
    author = {Borceux, Francis},
     title = {Handbook of categorical algebra. 2},
    series = {Encyclopedia of Mathematics and its Applications},
    volume = 51,
      note = {Categories and structures},
 publisher = {Cambridge University Press, Cambridge},
      year = 1994,
     pages = {xviii+443},
      isbn = {0-521-44179-X},
  mrnumber = 1313497,
}

@book {Borceux-3,
    author = {Borceux, Francis},
     title = {Handbook of categorical algebra. 3},
    series = {Encyclopedia of Mathematics and its Applications},
    volume = {52},
      note = {Categories of sheaves},
 publisher = {Cambridge University Press, Cambridge},
      year = {1994},
     pages = {xviii+522},
      isbn = {0-521-44180-3},
  mrnumber = {1315049},
}

@book {Bourbaki-Lie-4-6-EN,
    author = {Bourbaki, Nicolas},
     title = {Lie groups and {L}ie algebras. {C}hapters 4--6},
    series = {Elements of Mathematics (Berlin)},
      note = {Translated from the 1968 French original by Andrew Pressley},
 publisher = {Springer-Verlag, Berlin},
      year = {2002},
     pages = {xii+300},
      isbn = {3-540-42650-7},
  mrnumber = {1890629},
       url = {https://doi.org/10.1007/978-3-540-89394-3},
}

@book {Cohen-GTM-138,
    author = {Cohen, Henri},
     title = {A Course in Computational Algebraic Number Theory},
    series = {Graduate Texts in Mathematics},
    volume = {138},
 publisher = {Springer-Verlag Berlin Heidelberg},
      year = {1993},
     pages = {XXI+536},
      isbn = {978-3-540-55640-4},
       url = {https://doi.org/10.1007/978-3-662-02945-9},
}

@misc {Conrad-Harmonic,
  author = {Conrad, Keith},
  title = {The $p$-adic growth of harmonic sums},
  url = {http://www.math.uconn.edu/~kconrad/blurbs/gradnumthy/padicharmonicsum.pdf}
}

@book {Corry-History,
    author = {Corry, Leo},
     title = {Modern algebra and the rise of mathematical structures},
   edition = {Second},
 publisher = {Birkh\"auser Verlag, Basel},
      year = {2004},
     pages = {xvi+451},
      isbn = {3-7643-7002-5},
  mrnumber = {2033171},
       url = {https://doi.org/10.1007/978-3-0348-7917-0},
}

@book{Cox-Little-OShea-intro,
      title = {Ideals, Varieties, and Algorithms: An Introduction to
               Computational Algebraic Geometry and Commutative Algebra},
     author = {Cox, David A. and Little, John and O'Shea, Donal},
    edition = {Fourth},
     series = {Undergraduate Texts in Mathematics},
       year = {2015},
  publisher = {Springer},
        url = {http://doi.org/10.1007/978-3-319-16721-3}
}

@book {Demazure-Gabriel,
     author = {Demazure, Michel and Gabriel, Peter},
      title = {Introduction to Algebraic Geometry and Algebraic Groups},
     series = {Mathematics Studies},
     volume = {39},
       year = {1980},
      pages = {357+xiv},
  publisher = {North Holland}
}

@book {Disquisitiones,
    author = {Gauss, Carl Friedrich},
     title = {Disquisitiones Arithmeticae},
      note = {Versión espa{\~n}ola (Hugo Barrantes, Michael Josephy,
              Angel Ruiz). Centro de Investigaciones Matemáticas y
              Meta-Matemáticas, Universidad de Costa Rica, 2008.},
      year = {1801},
       url = {http://cimm.ucr.ac.cr/da/},
}

@book {Dummit-Foote,
    author = {Dummit, David S. and Foote, Richard M.},
     title = {Abstract algebra},
   edition = {Third},
 publisher = {John Wiley \& Sons, Inc., Hoboken, NJ},
      year = {2004},
     pages = {xii+932},
      isbn = {0-471-43334-9},
  mrnumber = {2286236},
}

@book {Douady-Douady,
    author = {Douady, R\'egine and Douady, Adrien},
     title = {Alg\`ebre et th\'eories galoisiennes},
    series = {Nouvelle biblioth\`eque math\'ematique},
      note = {Deuxi\`eme \'edition, compl\`etement refondue et augment\'ee
              d'un chapitre},
 publisher = {Cassini, Paris},
      year = {2005},
     pages = {500},
      isbn = {2-84225-005-2},
}

@book {Edwards-GTM-50,
     author = {Edwards, Harold M.},
      title = {Fermat's Last Theorem.
               A Genetic Introduction to Algebraic Number Theory},
       year = {1977},
  publisher = {Springer-Verlag New York},
      pages = {407+XV},
        url = {http://springer.com/book/9780387902302}
}

@book {EGAI-new,
     author = {Grothendieck, Alexander and Dieudonné, Jean},
      pages = {IX+466},
      title = {Eléments de Géométrie Algébrique {I}},
        key = {EGAI-new},
       year = 1971,
  publisher = {Springer-Verlag},
}

@book {Eisenbud,
     author = {Eisenbud, David},
      isbn = {978-0-387-94268-1},
     pages = {800+XVI},
     title = {Commutative Algebra with a View Toward Algebraic Geometry},
      year = 2004,
    series = {Graduate Texts in Mathematics},
    volume = {150},
 publisher = {Springer-Verlag, New York},
       doi = {10.1007/978-1-4612-5350-1},
       url = {http://doi.org/10.1007/978-1-4612-5350-1},
}

@book {Eisenbud-Harris,
     author = {Eisenbud, David and Harris, Joe},
       isbn = {978-0-387-98638-8},
      pages = {300+XII},
  publisher = {Springer-Verlag},
      title = {The Geometry of Schemes},
       year = 2000,
     series = {Graduate Texts in Mathematics},
     volume = {197},
        doi = {10.1007/b97680},
        url = {http://doi.org/10.1007/b97680},
}

@article {Eisenbud-Huneke-Vasconcelos,
  author = {Eisenbud David and Huneke, Craig and Vasconcelos, Wolmer},
   title = {Direct methods for primary decomposition},
 journal = {Inventiones Mathematicae},
  volume = {110},
    year = {1992},
   pages = {207--235},
     url = {https://www.msri.org/~de/papers/pdfs/1992-001.pdf}
}

@book {Euler-E101,
    author = {Eulero, Leonhardo},
     title = {Introductio in analysin infinitorum},
      year = {1748},
       url = {http://eulerarchive.maa.org/pages/E101.html},
}

@article {Euler-E134,
    author = {Eulero, Leonhardo},
     title = {Theoremata circa divisores numerorum},
      year = {1750},
 publisher = {Novi Commentarii academiae scientiarum Petropolitanae},
    volume = {1},
     pages = {20--48},
       url = {http://eulerarchive.maa.org/pages/E134.html},
}

@article {Euler-E262,
    author = {Eulero, Leonhardo},
     title = {Theoremata circa residua ex divisione potestatum relicta},
      year = {1761},
 publisher = {Novi Commentarii academiae scientiarum Petropolitanae},
    volume = {7},
     pages = {49--82},
       url = {http://eulerarchive.maa.org/pages/E262.html},
}

@book {Euler-E388,
    author = {Euler, Leonhard},
     title = {Vollstandige Anleitung zur Algebra},
      year = {1770},
    volume = {2},
       url = {http://eulerarchive.maa.org/pages/E388.html},
}

@book {Fulton-curves,
  author = {Fulton, William},
   title = {Algebraic Curves. {A}n Introduction to Algebraic Geometry},
    year = {2008},
     url = {http://www.math.lsa.umich.edu/~wfulton/CurveBook.pdf},
}

@book {Freyd-1964,
    author = {Freyd, Peter},
     title = {Abelian categories. {A}n introduction to the theory
              of functors},
    series = {Harper's Series in Modern Mathematics},
 publisher = {Harper \& Row, Publishers, New York},
      year = {1964},
     pages = {xi+164},
  mrnumber = {0166240},
       url = {http://tac.mta.ca/tac/reprints/articles/3/tr3abs.html},
}

@book {Gabriel-Zisman,
     author = {Gabriel, Peter and Zisman, Michel},
      title = {Calculus of Fractions and Homotopy Theory},
     series = {Ergebnisse der Mathematik und ihrer Grenzgebiete. 2. Folge},
     volume = {35},
       year = {1967},
      pages = {168+x},
        url = {http://doi.org/10.1007/978-3-642-85844-4},
  publisher = {Springer-Verlag}
}

@book {Gelfand-Kapranov-Zelevinsky,
     author = {Gel{$'$}fand, Israel M. and Kapranov, Mikhail M. and
               Zelevinsky, Andrei V.},
        doi = {10.1007/978-0-8176-4771-1},
       isbn = {0-8176-3660-9},
   mrnumber = {1264417},
      pages = {x+523},
  publisher = {Birkh\"auser Boston, Inc., Boston, MA},
     series = {Mathematics: Theory \& Applications},
      title = {Discriminants, resultants, and multidimensional determinants},
        url = {http://doi.org/10.1007/978-0-8176-4771-1},
       year = {1994},
}

@article {Gianni-Trager-Zacharias,
  author = {Gianni, Patrizia and Trager, Barry and Zacharias, Gail},
   title = {Gr\"{o}bner Bases and Primary Decomposition of Polynomial Ideals},
 journal = {Journal of Symbolic Computation},
  volume = {6},
    year = {1988},
   pages = {149--167},
     url = {http://doi.org/10.1016/S0747-7171(88)80040-3}
}

% TODO: diplicate
@book {Goerss-Jardine,
    author = {Goerss, Paul G. and Jardine, John F.},
     title = {Simplicial homotopy theory},
    series = {Modern Birkh\"auser Classics},
      note = {Reprint of the 1999 edition},
 publisher = {Birkh\"auser Verlag, Basel},
      year = {2009},
     pages = {xvi+510},
      isbn = {978-3-0346-0188-7},
  mrnumber = {2840650},
       doi = {10.1007/978-3-0346-0189-4},
       url = {http://doi.org/10.1007/978-3-0346-0189-4},
}

@book {Goerss-Jardine-2009,
    author = {Goerss, Paul G. and Jardine, John F.},
     title = {Simplicial homotopy theory},
    series = {Modern Birkh\"auser Classics},
      note = {Reprint of the 1999 edition},
 publisher = {Birkh\"auser Verlag, Basel},
      year = {2009},
     pages = {xvi+510},
      isbn = {978-3-0346-0188-7},
  mrnumber = {2840650},
       doi = {10.1007/978-3-0346-0189-4},
       url = {http://doi.org/10.1007/978-3-0346-0189-4},
}

@book{Gortz-Wedhorn,
      title = {Algebraic Geometry {I}: Schemes. {W}ith Examples and Exercises},
     author = {G\"{o}rtz, Ulrich and Wedhorn, Torsten},
      pages = {615+IV},
       year = {2010},
  publisher = {Vieweg+Teubner Verlag},
        url = {http://doi.org/10.1007/978-3-8348-9722-0}
}

@book {Grove-Benson-GTM-99,
    author = {Grove, L. C. and Benson, C. T.},
     title = {Finite reflection groups},
    series = {Graduate Texts in Mathematics},
    volume = {99},
   edition = {Second},
 publisher = {Springer-Verlag, New York},
      year = {1985},
     pages = {x+133},
      isbn = {0-387-96082-1},
  mrnumber = {777684},
       url = {https://doi.org/10.1007/978-1-4757-1869-0},
}

@misc {Hindry-Zeta,
  author = {Hindry, Marc},
   title = {Introduction to zeta and $L$-functions from arithmetic geometry and
            some applications},
    note = {XXI Escola de \'{A}lgebra, Bras\'{i}lia},
    year = {2010},
     url = {http://blablabla}
}

@incollection {Hosten-Smith-monomial,
     author = {Ho\c{s}ten, Serkan and Smith, Gregory}, 
      title = {Monomial Ideals},
  booktitle = {Computations in algebraic geometry with Macaulay2},
  publisher = {Springer-Verlag },
       year = 2002,
     editor = {Eisenbud, D. and Grayson, D. and Stillman, M. and Sturmfels, B.},
     volume = 8,
     series = {Algorithms and Computation in Mathematics},
      pages = {73-100},
        url = {http://faculty.math.illinois.edu/Macaulay2/Book/}
}

@book {Hoyrup-2007,
     author = {H\o{}yrup, Jens},
      title = {Jacopo da {F}irenze's {T}ractatus {A}lgorismi and Early Italian
               Abbacus Culture},
       year = {2007},
  publisher = {Birkh\"auser Basel},
     series = {Science Networks. Historical Studies},
      pages = {482+XII},
        doi = {10.1007/978-3-7643-8391-6},
        url = {http://doi.org/10.1007/978-3-7643-8391-6}
}

@book {Humphreys-1990,
    author = {Humphreys, James E.},
     title = {Reflection groups and {C}oxeter groups},
    series = {Cambridge Studies in Advanced Mathematics},
    volume = {29},
 publisher = {Cambridge University Press, Cambridge},
      year = {1990},
     pages = {xii+204},
      isbn = {0-521-37510-X},
  mrnumber = {1066460},
       url = {https://doi.org/10.1017/CBO9780511623646},
}

@book {Humphreys-1996,
    author = {Humphreys, John F.},
     title = {A course in group theory},
    series = {Oxford Science Publications},
 publisher = {The Clarendon Press, Oxford University Press, New York},
      year = {1996},
     pages = {xii+279},
      isbn = {0-19-853453-1; 0-19-853459-0},
  mrnumber = {1420410},
}

@article {Hutchinson-1990,
    author = {Hutchinson, Kevin},
     title = {A new approach to {M}atsumoto's theorem},
   journal = {$K$-Theory},
  fjournal = {$K$-Theory. An Interdisciplinary Journal for the Development,
              Application, and Influence of $K$-Theory in the Mathematical
              Sciences},
    volume = {4},
      year = {1990},
    number = {2},
     pages = {181--200},
      issn = {0920-3036},
  mrnumber = {1081659},
       url = {https://doi.org/10.1007/BF00533156},
}

@article {Huylebrouck-2001,
    author = {Huylebrouck, Dirk},
     title = {Similarities in irrationality proofs for
              {$\pi$}, {$\ln 2$}, {$\zeta(2)$}, and {$\zeta(3)$}},
   journal = {Amer. Math. Monthly},
  fjournal = {American Mathematical Monthly},
    volume = {108},
      year = {2001},
    number = {3},
     pages = {222--231},
      issn = {0002-9890},
  mrnumber = {1834702},
       url = {https://doi.org/10.2307/2695383},
}

@book {Ireland-Rosen-GTM84,
    author = {Ireland, Kenneth and Rosen, Michael},
     title = {A classical introduction to modern number theory},
    series = {Graduate Texts in Mathematics},
    volume = {84},
   edition = {Second},
 publisher = {Springer-Verlag, New York},
      year = {1990},
     pages = {xiv+389},
      isbn = {0-387-97329-X},
  mrnumber = {1070716},
       url = {https://doi.org/10.1007/978-1-4757-2103-4},
}

@book {Kashiwara-Schapira-2006,
    author = {Kashiwara, Masaki and Schapira, Pierre},
     title = {Categories and sheaves},
    series = {Grundlehren der Mathematischen Wissenschaften},
    volume = {332},
 publisher = {Springer-Verlag, Berlin},
      year = {2006},
     pages = {x+497},
      isbn = {978-3-540-27949-5; 3-540-27949-0},
  mrnumber = {2182076},
       doi = {10.1007/3-540-27950-4},
       url = {http://doi.org/10.1007/3-540-27950-4},
}

@book {Kato-NT-1,
    author = {Kato, Kazuya and Kurokawa, Nobushige and Saito, Takeshi},
     title = {Number theory 1: Fermat's dream},
    series = {Translations of Mathematical Monographs},
    volume = {186},
      note = {Translated from the 1996 Japanese original by Masato Kuwata,
              Iwanami Series in Modern Mathematics},
 publisher = {American Mathematical Society, Providence, RI},
      year = {2000},
     pages = {xvi+154},
      isbn = {0-8218-0863-X},
  mrnumber = {1728620}
}

@book {Katok-2007,
    author = {Katok, Svetlana},
     title = {{$p$}-adic analysis compared with real},
    series = {Student Mathematical Library},
    volume = {37},
 publisher = {American Mathematical Society, Providence, RI; Mathematics
              Advanced Study Semesters, University Park, PA},
      year = {2007},
     pages = {xiv+152},
      isbn = {978-0-8218-4220-1},
  mrnumber = {2298943},
       doi = {10.1090/stml/037},
       url = {http://doi.org/10.1090/stml/037},
}

@book {Katz-Parshall-2014,
     author = {Katz, Victor J. and Parshall, Karen},
      title = {Taming the Unknown. A History of Algebra from Antiquity
               to the Early Twentieth Century},
       year = {2014},
  publisher = {Princeton University Press},
      pages = {504},
        url = {https://press.princeton.edu/titles/10287.html}
}

% TODO: Change to "Conrad"
@misc {KConrad-Closures,
 author = {Conrad, Keith},
  title = {Constructing algebraic closures},
    url = {https://kconrad.math.uconn.edu/blurbs/galoistheory/algclosure.pdf}
}

@book {Kemper-GTM-256,
      title = {A Course in Commutative Algebra},
     author = {Kemper, Gregor},
     series = {Graduate Texts in Mathematics},
     volume = {256},
       year = {2010},
  publisher = {Springer},
        url = {http://doi.org/10.1007/978-3-642-03545-6}
}

@article {Knudsen-Mumford-1976,
      author = {Knudsen, Finn Faye and Mumford, David},
    fjournal = {Mathematica Scandinavica},
        issn = {0025-5521},
     journal = {Math. Scand.},
    mrnumber = {0437541},
      number = {1},
       pages = {19--55},
       title = {The projectivity of the moduli space of stable curves.
                {I}. {P}reliminaries on ``det'' and ``{D}iv''},
         url = {http://mscand.dk/article/view/11642/9658},
      volume = {39},
        year = {1976},
}

@book {Koblitz-1984,
    author = {Koblitz, Neal},
     title = {{$p$}-adic numbers, {$p$}-adic analysis, and zeta-functions},
    series = {Graduate Texts in Mathematics},
    volume = {58},
   edition = {Second},
 publisher = {Springer-Verlag, New York},
      year = {1984},
     pages = {xii+150},
      isbn = {0-387-96017-1},
  mrnumber = {754003},
       doi = {10.1007/978-1-4612-1112-9},
       url = {http://doi.org/10.1007/978-1-4612-1112-9},
}

@book {Koblitz-GTM-97,
    author = {Koblitz, Neal},
     title = {Introduction to elliptic curves and modular forms},
    series = {Graduate Texts in Mathematics},
    volume = {97},
   edition = {Second},
 publisher = {Springer-Verlag, New York},
      year = {1993},
     pages = {x+248},
      isbn = {0-387-97966-2},
  mrnumber = {1216136},
       url = {https://doi.org/10.1007/978-1-4612-0909-6},
}

@book {Krantz-several,
     author = {Krantz, Steven G.},
      pages = {xvi+564},
      title = {Function theory of several complex variables},
    edition = {2},
       year = 2001,
  publisher = {{A}merican {M}athematical {S}ociety},
}

@book {Kromer-Tool-and-Object,
    author = {Kr\"omer, Ralf},
     title = {Tool and object},
    series = {Science Networks. Historical Studies},
    volume = {32},
      note = {A history and philosophy of category theory},
 publisher = {Birkh\"auser Verlag, Basel},
      year = {2007},
     pages = {xxxvi+367},
      isbn = {978-3-7643-7523-2; 3-7643-7523-X},
  mrnumber = {2272843},
       key = {Kro2007}
}

@book {Lam-2001,
    author = {Lam, Tsit-Yuen},
     title = {A First Course in Noncommutative Rings},
    series = {Graduate Texts in Mathematics},
    volume = {131},
 publisher = {Springer-Verlag New York},
   edition = {Second},
      year = {2001},
      isbn = {978-0-387-95183-6},
     pages = {xix+388},
       doi = {10.1007/978-1-4419-8616-0},
       url = {http://doi.org/10.1007/978-1-4419-8616-0},
}

@book {Lang-Algebra,
    author = {Lang, Serge},
     title = {Algebra},
    series = {Graduate Texts in Mathematics},
    volume = {211},
   edition = {third},
 publisher = {Springer-Verlag, New York},
      year = {2002},
     pages = {xvi+914},
      isbn = {0-387-95385-X},
  mrnumber = {1878556},
       doi = {10.1007/978-1-4613-0041-0},
       url = {http://doi.org/10.1007/978-1-4613-0041-0},
}

@book {Lang-GTM-103,
    author = {Lang, Serge},
      isbn = {978-0-387-98592-3},
   edition = 4,
     pages = {XIV+489},
     title = {Complex Analysis},
      year = 1999,
    series = {Graduate Texts in Mathematics},
    volume = {103},
 publisher = {Springer-Verlag, New York},
       doi = {10.1007/978-1-4757-3083-8},
       url = {http://doi.org/10.1007/978-1-4757-3083-8},
}

@book {Leinster-Basic,
    author = {Leinster, Tom},
     title = {Basic category theory},
    series = {Cambridge Studies in Advanced Mathematics},
    volume = {143},
 publisher = {Cambridge University Press, Cambridge},
      year = {2014},
     pages = {viii+183},
      isbn = {978-1-107-04424-1},
  mrnumber = {3307165},
       url = {http://arxiv.org/abs/1612.09375},
}

@book {Lemmermeyer-QR,
    author = {Lemmermeyer, Franz},
      isbn = {978-3-540-66957-9},
     pages = {XX+492},
     title = {Reciprocity Laws: From {E}uler to {E}isenstein},
      year = 2000,
 publisher = {Springer-Verlag Berlin Heidelberg},
       doi = {10.1007/978-3-662-12893-0},
       url = {http://doi.org/10.1007/978-3-662-12893-0},
}

@article {Lenstra-Stevenhagen-1996,
    author = {Lenstra, Hendrik Willem and Stevenhagen, Peter},
   journal = {The Mathematical Intelligencer},
    number = {18},
     pages = {26--37},
     title = {Chebotar\"ev and his density theorem},
       url = {http://www.math.leidenuniv.nl/~hwl/papers/cheb.pdf},
      year = {1996},
  mrnumber = {1395088},
}

@article {Leray-in-Edelbach,
   author = {Sigmund, Anna Maria and Michor, Peter and Sigmund, Karl},
    title = {Leray in {E}delbach},
  journal = {The Mathematical Intelligencer},
     year = {2005},
    month = {Mar},
      day = {01},
   volume = {27},
   number = {2},
    pages = {41--50},
     issn = {0343-6993},
      doi = {10.1007/BF02985793},
      url = {http://www.mat.univie.ac.at/~michor/leray.pdf}
}

@book {Machi-2012,
    author = {Mach\`\i , Antonio},
     title = {Groups},
    series = {Unitext},
    volume = {58},
      note = {An introduction to ideas and methods of the theory of groups},
 publisher = {Springer, Milan},
      year = {2012},
     pages = {xiv+371},
      isbn = {978-88-470-2420-5; 978-88-470-2421-2},
  mrnumber = {2987234},
       url = {https://doi.org/10.1007/978-88-470-2421-2},
}

@book {MacLane,
    author = {Mac Lane, Saunders},
     title = {Categories for the working mathematician},
    series = {Graduate Texts in Mathematics},
    volume = {5},
   edition = {Second},
 publisher = {Springer-Verlag, New York},
      year = {1998},
     pages = {xii+314},
      isbn = {0-387-98403-8},
  mrnumber = {1712872},
}

@book {MacLane-Moerdijk,
       author = {Mac Lane, Saunders and Moerdijk, Ieke},
          doi = {10.1007/978-1-4612-0927-0},
         isbn = {0-387-97710-4},
     mrnumber = {1300636},
         note = {A first introduction to topos theory,
	         Corrected reprint of the 1992 edition},
        pages = {xii+629},
    publisher = {Springer-Verlag, New York},
       series = {Universitext},
        title = {Sheaves in geometry and logic},
          url = {http://doi.org/10.1007/978-1-4612-0927-0},
         year = {1994},
}

@book {Manin-Schemes,
      author = {Yuri I. Manin},
        isbn = {978-3-319-74315-8},
       pages = {205+XVI},
   publisher = {Springer International Publishing},
       title = {Introduction to the Theory of Schemes},
        year = 2018,
      series = {Moscow Lectures},
         doi = {10.1007/978-3-319-74316-5},
         url = {http://doi.org/10.1007/978-3-319-74316-5},
}

@book {Marcus-1977,
    author = {Marcus, Daniel A.},
     title = {Number Fields},
    series = {Universitext},
 publisher = {Springer-Verlag, New York},
      year = {1977},
     pages = {292},
      isbn = {978-1-4684-9356-6},
       doi = {10.1007/978-1-4684-9356-6},
       url = {https://doi.org/10.1007/978-1-4684-9356-6},
}

@book {Marquis-geometrical-POV,
    author = {Marquis, Jean-Pierre},
     title = {From a geometrical point of view},
    series = {Logic, Epistemology, and the Unity of Science},
    volume = {14},
      note = {A study of the history and philosophy of category theory},
 publisher = {Springer, Dordrecht},
      year = {2009},
     pages = {x+309},
      isbn = {978-1-4020-9383-8},
  mrnumber = {2730089},
}

@book {May-1999-Concise,
      title = {A Concise Course in Algebraic Topology},
     author = {May, J.P.},
       isbn = {9780226511832},
     series = {Chicago Lectures in Mathematics},
        url = {https://www.math.uchicago.edu/~may/CONCISE/ConciseRevised.pdf},
       year = {1999},
  publisher = {University of Chicago Press}
}

@book {Mumford-Red-Book,
      title = {The Red Book of Varieties and Schemes},
     author = {Mumford, David},
      pages = {314+X},
    edition = {2},
     series = {Lecture Notes in Mathematics},
     volume = {1358},
       year = {1999},
  publisher = {Springer-Verlag},
        url = {http://doi.org/10.1007/b62130}
}

% TODO: duplicate
@book {Munkres-1975,
    author = {Munkres, James R.},
     title = {Topology: a first course},
 publisher = {Prentice-Hall, Inc., Englewood Cliffs, N.J.},
      year = {1975},
     pages = {xvi+413},
  mrnumber = {0464128},
}

@book {Munkres-2000,
    author = {Munkres, James R.},
     title = {Topology},
 publisher = {Pearson},
   edition = {Second},
      year = {2000},
      isbn = {978-0131816299},
     pages = {537},
}

@book {Neeman-GAGA,
       place = {Cambridge},
      series = {London Mathematical Society Lecture Note Series},
       title = {Algebraic and Analytic Geometry},
         doi = {10.1017/CBO9780511800443},
         url = {http://doi.org/10.1017/CBO9780511800443},
   publisher = {Cambridge University Press},
      author = {Neeman, Amnon},
        year = {2007},
  collection = {London Mathematical Society Lecture Note Series},
}

@book {Neukirch-ANT,
    author = {Neukirch, J\"urgen},
     title = {Algebraic number theory},
    series = {Grundlehren der Mathematischen Wissenschaften
              [Fundamental Principles of Mathematical Sciences]},
    volume = {322},
      note = {Translated from the 1992 German original and with a note by
              Norbert Schappacher, With a foreword by G. Harder},
 publisher = {Springer-Verlag, Berlin},
      year = {1999},
     pages = {xviii+571},
      isbn = {3-540-65399-6},
  mrnumber = {1697859},
       url = {https://doi.org/10.1007/978-3-662-03983-0},
}

@book {Northcott-1953,
       place = {Cambridge},
      series = {Cambridge Tracts in Mathematics},
       title = {Ideal Theory},
         doi = {10.1017/CBO9780511565908},
   publisher = {Cambridge University Press},
      author = {Northcott, Douglas Geoffrey},
        year = 1953,
  collection = {Cambridge Tracts in Mathematics},
         url = {http://doi.org/10.1017/CBO9780511565908}
}

@book {Perrin-1996,
    author = {Perrin, Daniel},
     title = {Cours d'alg\`ebre},
    series = {CAPES / AGREG Math\'ematiques},
 publisher = {Ellipses},
      year = {1996},
     pages = {207},
      isbn = {2-7298-5552-1},
}

@book {Reid-UCA,
       place = {Cambridge},
      series = {London Mathematical Society Student Texts},
       title = {Undergraduate Commutative Algebra},
         doi = {10.1017/CBO9781139172721},
         url = {http://doi.org/10.1017/CBO9781139172721},
   publisher = {Cambridge University Press},
      author = {Reid, Miles},
        year = {1995},
  collection = {London Mathematical Society Student Texts}
}

@book {ReS,
  author = {Grothendieck, Alexander},
   title = {Récoltes et Semailles.
            {R}éflexions et témoignage sur un passé de mathématicien},
    year = {1986}
}

@book {Riehl-Context,
    author = {Riehl, Emily},
     title = {Category theory in context},
    series = {Aurora: Dover Modern Math Originals},
 publisher = {Dover Publications},
      year = {2017},
     pages = {272},
      isbn = {978-0-486-80903-8},
       url = {http://www.math.jhu.edu/~eriehl/context.pdf},
}

@misc {Riehl-Simplicial,
       key = {Rie-sSet},
    author = {Riehl, Emily},
     title = {A leisurely introduction to simplicial sets},
       url = {http://www.math.jhu.edu/~eriehl/ssets.pdf},
}

@article {Roby-1968,
        author = {Roby, Norbert},
         title = {Diverses caract\'erisations des \'epimorphismes},
       journal = {S\'eminaire Samuel. Alg\`ebre commutative},
     publisher = {Secr\'etariat math\'ematique},
        volume = {2},
          year = {1967-1968},
         pages = {1-12},
           url = {http://www.numdam.org/item/SAC_1967-1968__2__A3_0}
}

@book {Rosenberg-GTM-147,
    author = {Rosenberg, Jonathan},
     title = {Algebraic {$K$}-theory and its applications},
    series = {Graduate Texts in Mathematics},
    volume = {147},
 publisher = {Springer-Verlag, New York},
      year = {1994},
     pages = {x+392},
      isbn = {0-387-94248-3},
  mrnumber = {1282290},
       url = {https://doi.org/10.1007/978-1-4612-4314-4},
}

@book {Rotman-GTM148,
    author = {Rotman, Joseph J.},
     title = {An introduction to the theory of groups},
    series = {Graduate Texts in Mathematics},
    volume = {148},
   edition = {Fourth},
 publisher = {Springer-Verlag, New York},
      year = {1995},
     pages = {xvi+513},
      isbn = {0-387-94285-8},
  mrnumber = {1307623},
       url = {https://doi.org/10.1007/978-1-4612-4176-8},
}

@book {Rudin-principles,
      title = {Principles of Mathematical Analysis},
     author = {Rudin, Walter},
    edition = {3},
       year = {1989},
  publisher = {McGraw-Hill}
}

@article {Samuel-1961,
     author = {Samuel, Pierre},
   fjournal = {Illinois Journal of Mathematics},
    journal = {Illinois J. Math.},
      month = {03},
     number = {1},
      pages = {1--17},
  publisher = {Duke University Press},
      title = {On unique factorization domains},
        url = {https://projecteuclid.org:443/euclid.ijm/1255629643},
     volume = {5},
       year = {1961}
}

@book {Scharlau-Spirituality,
  author = {Scharlau, Winfried},
   title = {Who is {A}lexander {G}rothendieck?
            {V}olume 3: {S}pirituality (1970--1991)},
    note = {Translated from {G}erman by {L}eila {S}chneps},
    year = {2010},
     url = {https://webusers.imj-prg.fr/~leila.schneps/grothendieckcircle/Spirituality.html}
}

@incollection {Serre-65-Zeta,
       author = {Serre, Jean-Pierre},
    booktitle = {Arithmetical {A}lgebraic {G}eometry ({P}roc. {C}onf. {P}urdue {U}niv., 1963)},
     mrnumber = {0194396},
        pages = {82--92},
    publisher = {Harper \& Row, New York},
        title = {Zeta and {$L$} functions},
         year = {1965},
}

@book {Serre-CA-en,
      address = {New York},
       author = {Serre, Jean-Pierre},
     mrnumber = {0344216},
       series = {Graduate Texts in Mathematics},
       volume = {7},
         note = {Translated from the French},
        pages = {viii+115},
    publisher = {Springer-Verlag},
        title = {A course in arithmetic},
         year = {1973},
}

@book {Sharp-steps,
       place = {Cambridge},
     edition = {2},
      series = {London Mathematical Society Student Texts},
       title = {Steps in Commutative Algebra},
         doi = {10.1017/CBO9780511623684},
         url = {http://doi.org/10.1017/CBO9780511623684},
   publisher = {Cambridge University Press},
      author = {Sharp, Rodney Y.},
        year = {2001},
  collection = {London Mathematical Society Student Texts}}
}

@book {Shen-Vereshchagin-2002,
     author = {Shen, A. and Vereshchagin, N. K.},
      title = {Basic Set Theory},
     series = {Student Mathematical Library, Volume 17},
  publisher = {American Mathematical Society},
      pages = {116+viii},
       year = 2002
}

@book {Shafarevich-BAG-2,
      title = {Basic Algebraic Geometry 2: Schemes and Complex Manifolds},
     author = {Shafarevich, Igor R.},
    edition = {3},
      pages = {262+XIV},
       year = {2013},
  publisher = {Springer-Verlag},
       note = {Translated by M. Reid},
        url = {http://doi.org/10.1007/978-3-642-38010-5}
}

@book {Silverman-GTM-106,
    author = {Silverman, Joseph H.},
     title = {The arithmetic of elliptic curves},
    series = {Graduate Texts in Mathematics},
    volume = {106},
   edition = {Second},
 publisher = {Springer, Dordrecht},
      year = {2009},
     pages = {xx+513},
      isbn = {978-0-387-09493-9},
  mrnumber = {2514094},
       url = {https://doi.org/10.1007/978-0-387-09494-6},
}

@book {Stillwell-GTM72,
    author = {Stillwell, John},
     title = {Classical topology and combinatorial group theory},
    series = {Graduate Texts in Mathematics},
    volume = {72},
   edition = {Second},
 publisher = {Springer-Verlag, New York},
      year = {1993},
     pages = {xii+334},
      isbn = {0-387-97970-0},
  mrnumber = {1211642},
       url = {https://doi.org/10.1007/978-1-4612-4372-4},
}

@book {Stroppel-2006,
    author = {Stroppel, Markus},
     title = {Locally compact groups},
    series = {EMS Textbooks in Mathematics},
 publisher = {European Mathematical Society (EMS), Z\"urich},
      year = {2006},
     pages = {x+302},
      isbn = {3-03719-016-7},
  mrnumber = {2226087},
       url = {https://doi.org/10.4171/016},
}

@book {Szamuely-2009,
    author = {Szamuely, Tam\'as},
     title = {Galois groups and fundamental groups},
    series = {Cambridge Studies in Advanced Mathematics},
    volume = {117},
 publisher = {Cambridge University Press, Cambridge},
      year = {2009},
     pages = {x+270},
      isbn = {978-0-521-88850-9},
  mrnumber = {2548205},
       url = {https://doi.org/10.1017/CBO9780511627064},
}

@book {Tamme-1994,
    author = {Tamme, G\"unter},
     title = {Introduction to \'etale cohomology},
    series = {Universitext},
      note = {Translated from the German by Manfred Kolster},
 publisher = {Springer-Verlag, Berlin},
      year = {1994},
     pages = {x+186},
      isbn = {3-540-57116-7},
  mrnumber = {1317816},
       url = {https://doi.org/10.1007/978-3-642-78421-7},
}

@article {Tikhomirov-Uspenskii-FTA,
  author = {Tikhomirov, V.~M. and Uspenskii, V.~V.},}
   title = {\cyr{\CYRD}\cyre\cyrs\cyrya\cyrt\cyrsftsn{}
            \cyrd\cyro\cyrk\cyra\cyrz\cyra\cyrt\cyre\cyrl\cyrsftsn\cyrs\cyrt\cyrv{}
            \cyro\cyrs\cyrn\cyro\cyrv\cyrn\cyro\cyrishrt{}
            \cyrt\cyre\cyro\cyrr\cyre\cyrm\cyrery{}
            \cyra\cyrl\cyrg\cyre\cyrb\cyrr\cyrery},
    year = {1997},
  volume = {1},
   pages = {50--70},
    publ = {MCCME},
 journal = {Mat. Pros., Ser.~3},
     url = {http://mi.mathnet.ru/eng/mp4}
}

@book {Trifkovic-2013,
  author = {Trifkovi\'c Mak},
   title = {Algebraic Theory of Quadratic Numbers},
  series = {Universitext},
    year = {2013},
     url = {http://doi.org/10.1007/978-1-4614-7717-4},
   pages = {197+XI}
}

@book {van-der-Waerden-1991-volI,
    author = {van der Waerden, Bartel Leendert},
     title = {Algebra},
    volume = {I},
 publisher = {Springer-Verlag, New York},
      year = {1991},
     pages = {XIV+265},
      isbn = {978-0-387-40624-4},
}

@book {Vinberg-2003,
    author = {Vinberg, E. B.},
     title = {A course in algebra},
    series = {Graduate Studies in Mathematics},
    volume = {56},
      note = {Translated from the 2001 Russian original by Alexander Retakh},
 publisher = {American Mathematical Society, Providence, RI},
      year = {2003},
     pages = {x+511},
      isbn = {0-8218-3318-9},
  mrnumber = {1974508},
       url = {https://doi.org/10.1090/gsm/056},
}

@book {Viro-Ivanov-Netsvetaev-Kharlamov,
    author = {Viro, O. Ya. and Ivanov, O. A. and Netsvetaev, N. Yu. and
              Kharlamov, V. M.},
     title = {Elementary topology},
      note = {Problem textbook},
 publisher = {American Mathematical Society, Providence, RI},
      year = {2008},
     pages = {xx+400},
      isbn = {978-0-8218-4506-6},
  mrnumber = {2444949},
       url = {https://doi.org/10.1090/mbk/054},
}

@book {Warner-GTM-94,
  author = {Warner, Frank W.},
  title = {Foundations of Differentiable Manifolds and Lie Groups},
  year = {1983},
  publisher = {Springer-Verlag New York},
  pages = {276+X},
  url = {https://doi.org/10.1007/978-1-4757-1799-0}
}

@book{Wedhorn-Manifolds,
      title = {Manifolds, Sheaves, and Cohomology},
     author = {Wedhorn, Torsten},
      pages = {354+XVI},
       year = {2016},
  publisher = {Springer Spektrum},
        url = {http://doi.org/10.1007/978-3-658-10633-1}
}

@book {Weibel,
    author = {Weibel, Charles A.},
     title = {An introduction to homological algebra},
    series = {Cambridge Studies in Advanced Mathematics},
    volume = {38},
 publisher = {Cambridge University Press, Cambridge},
      year = {1994},
     pages = {xiv+450},
      isbn = {0-521-43500-5; 0-521-55987-1},
  mrnumber = {1269324},
       doi = {10.1017/CBO9781139644136},
       url = {http://doi.org/10.1017/CBO9781139644136},
}
